%% This BibTeX bibliography file was created using BibDesk.
%% http://bibdesk.sourceforge.net/

%% Created for Hudson, David at 2020-10-14 20:55:25 -0700 


%% Saved with string encoding Unicode (UTF-8) 


@comment{jabref-meta: databaseType:biblatex;}

@misc{Kawajiri:1993aa,
	Author = {Yoshiaki Kawajiri},
	Date-Added = {2020-08-27 13:47:33 -0700},
	Date-Modified = {2020-08-27 13:48:36 -0700},
	Keywords = {movie},
	Title = {Ninja Scroll},
	Year = {1993}}

@book{Editorial-Dept-of-Teikoku-Shoin-Co.:1991aa,
	Author = {Editorial Dept of Teikoku-Shoin Co., Ltd},
	Date-Added = {2020-05-01 16:02:55 -0700},
	Date-Modified = {2020-05-01 16:08:09 -0700},
	Edition = {Eleventh},
	Editor = {Editorial Dept of Teikoku-Shoin Co., Ltd},
	Keywords = {book},
	Publisher = {Teikoku-Shoin co., Ltd Tokyo},
	Title = {Teikoku's Complete Atlas of Japan},
	Year = {1991}}

@webpage{Shoki:2019aa,
	Date-Added = {2019-11-06 16:17:54 -0800},
	Date-Modified = {2020-01-17 16:47:06 -0800},
	Keywords = {website},
	Lastchecked = {2019},
	Month = {11},
	Title = {The Nihon Shoki Wiki},
	Url = {http://nihonshoki.wikidot.com},
	Year = {2019},
	Bdsk-Url-1 = {http://nihonshoki.wikidot.com}}

@misc{Wyatt:2001aa,
	Author = {James Wyatt},
	Date-Added = {2019-11-06 16:16:27 -0800},
	Date-Modified = {2019-11-06 16:16:52 -0800},
	Keywords = {game},
	Title = {Oriental Adventures},
	Year = {2001}}
